<?xml version="1.0" encoding="UTF-8"?><record xmlns="http://www.loc.gov/MARC21/slim" xmlns:cinclude="http://apache.org/cocoon/include/1.0" xmlns:zs="http://www.loc.gov/zing/srw/">
  <leader>00460nz  a2200133n  4500</leader>
  <controlfield tag="001">n 2011200975</controlfield>
  <controlfield tag="003">DLC</controlfield>
  <controlfield tag="005">20120302074930.0</controlfield>
  <controlfield tag="008">120301n| acannaabn          |a aaa      </controlfield>
  <datafield tag="010" ind1=" " ind2=" ">
    <subfield code="a">n 2011200975</subfield>
  </datafield>
  <datafield tag="040" ind1=" " ind2=" ">
    <subfield code="a">DLC</subfield>
    <subfield code="b">eng</subfield>
    <subfield code="c">DLC</subfield>
  </datafield>
  <datafield tag="100" ind1="1" ind2=" ">
    <subfield code="a">Brahmananda Reddy, G.</subfield>
  </datafield>
  <datafield tag="400" ind1="1" ind2=" ">
    <subfield code="a">Reddy, G. Brahmananda</subfield>
  </datafield>
  <datafield tag="670" ind1=" " ind2=" ">
    <subfield code="a">Intervening mechanisms in fertility transition, 2012:</subfield>
    <subfield code="b">t.p. (G. Brahmananda Reddy) jkt. (Dr.; currently in Dept. of Population Studies, S.V. University, India)</subfield>
  </datafield>
</record>